
@online{picciotto_tech_2023,
	title = {Tech roles are still ‘the most in-demand,' says job market expert—but you need these skills to land them},
	url = {https://www.cnbc.com/2023/07/07/tech-jobs-are-still-the-most-in-demand-says-employment-market-expert.html},
	abstract = {Over 200,000 tech workers have been laid off so far in 2023, but this {CEO} says tech companies are still on a hiring spree.},
	titleaddon = {{CNBC}},
	author = {Picciotto, Rebecca},
	urldate = {2023-12-06},
	date = {2023-07-07},
	langid = {english},
	file = {Snapshot:/Users/daragon/Zotero/storage/6LBMIG9V/tech-jobs-are-still-the-most-in-demand-says-employment-market-expert.html:text/html},
}

@online{noauthor_layoffsfyi_nodate,
	title = {Layoffs.fyi - Tech Layoff Tracker and Startup Layoff Lists},
	url = {https://layoffs.fyi/},
	abstract = {[{LIVE}] Tracking all tech startup layoffs — and lists of employees laid off — since {COVID}-19. This page is constantly being updated.},
	titleaddon = {Layoffs.fyi},
	urldate = {2023-12-06},
	langid = {american},
	file = {Snapshot:/Users/daragon/Zotero/storage/48H5F9JE/layoffs.fyi.html:text/html},
}

@online{noauthor_70k_nodate,
	title = {70k+ Job Applicants Data (Human Resource)},
	url = {https://www.kaggle.com/datasets/ayushtankha/70k-job-applicants-data-human-resource},
	abstract = {Unleashing Employability Insights: Analyzing 70K Job Applicants for Optimal Hiri},
	urldate = {2023-12-06},
	langid = {english},
	file = {Snapshot:/Users/daragon/Zotero/storage/ZDVRHP3F/code.html:text/html},
}

@book{r_core_team_r_2021,
	location = {Vienna, Austria},
	title = {R: A Language and Environment for Statistical Computing},
	url = {https://www.R-project.org/},
	publisher = {R Foundation for Statistical Computing},
	author = {{R Core Team}},
	date = {2021},
}

@book{dowle_datatable_2023,
	title = {data.table: Extension of `data.frame`},
	url = {https://CRAN.R-project.org/package=data.table},
	author = {Dowle, Matt and Srinivasan, Arun},
	date = {2023},
}

@book{wickham_dplyr_2023,
	title = {dplyr: A Grammar of Data Manipulation},
	url = {https://CRAN.R-project.org/package=dplyr},
	author = {Wickham, Hadley and François, Romain and Henry, Lionel and Müller, Kirill and Vaughan, Davis},
	date = {2023},
}

@book{wickham_ggplot2_2016,
	title = {ggplot2: Elegant Graphics for Data Analysis},
	isbn = {978-3-319-24277-4},
	url = {https://ggplot2.tidyverse.org},
	publisher = {Springer-Verlag New York},
	author = {Wickham, Hadley},
	date = {2016},
}

@book{muller_here_2020,
	title = {here: A Simpler Way to Find Your Files},
	url = {https://CRAN.R-project.org/package=here},
	author = {Müller, Kirill},
	date = {2020},
}

@book{ooms_hunspell_2022,
	title = {hunspell: High-Performance Stemmer, Tokenizer, and Spell Checker},
	url = {https://CRAN.R-project.org/package=hunspell},
	author = {Ooms, Jeroen},
	date = {2022},
}

@book{xie_dynamic_2015,
	location = {Boca Raton, Florida},
	edition = {2nd},
	title = {Dynamic Documents with R and knitr},
	url = {https://yihui.org/knitr/},
	publisher = {Chapman and Hall/{CRC}},
	author = {Xie, Yihui},
	date = {2015},
}

@book{aust_papaja_2022,
	title = {papaja: Prepare reproducible {APA} journal articles with R Markdown},
	url = {https://github.com/crsh/papaja},
	author = {Aust, Frederik and Barth, Marius},
	date = {2022},
}

@book{wickham_readr_2022,
	title = {readr: Read Rectangular Text Data},
	url = {https://CRAN.R-project.org/package=readr},
	author = {Wickham, Hadley and Hester, Jim and Bryan, Jennifer},
	date = {2022},
}

@book{chan_rio_2021,
	title = {rio: A Swiss-army knife for data file I/O},
	author = {Chan, Chung-hong and Chan, Geoffrey {CH} and Leeper, Thomas J. and Becker, Jason},
	date = {2021},
}

@book{allaire_rticles_2023,
	title = {rticles: Article Formats for R Markdown},
	url = {https://CRAN.R-project.org/package=rticles},
	author = {Allaire, J. J. and Xie, Yihui and Dervieux, Christophe and {R Foundation} and Wickham, Hadley and {Journal of Statistical Software} and Vaidyanathan, Ramnath and {Association for Computing Machinery} and Boettiger, Carl and {Elsevier} and Broman, Karl and Mueller, Kirill and Quast, Bastiaan and Pruim, Randall and Marwick, Ben and Wickham, Charlotte and Keyes, Oliver and Yu, Miao and Emaasit, Daniel and Onkelinx, Thierry and Gasparini, Alessandro and Desautels, Marc-Andre and Leutnant, Dominik and {MDPI} and {Taylor and Francis} and Öğreden, Oğuzhan and Hance, Dalton and Nüst, Daniel and Uvesten, Petter and Campitelli, Elio and Muschelli, John and Hayes, Alex and Kamvar, Zhian N. and Ross, Noam and Cannoodt, Robrecht and Luguern, Duncan and Kaplan, David M. and Kreutzer, Sebastian and Wang, Shixiang and Hesselberth, Jay and Hyndman, Rob},
	date = {2023},
}

@book{wickham_stringr_2022,
	title = {stringr: Simple, Consistent Wrappers for Common String Operations},
	url = {https://CRAN.R-project.org/package=stringr},
	author = {Wickham, Hadley},
	date = {2022},
}

@book{wickham_tidyr_2023,
	title = {tidyr: Tidy Messy Data},
	url = {https://CRAN.R-project.org/package=tidyr},
	author = {Wickham, Hadley and Vaughan, Davis and Girlich, Maximilian},
	date = {2023},
}

@book{barth_tinylabels_2022,
	title = {tinylabels: Lightweight Variable Labels},
	url = {https://cran.r-project.org/package=tinylabels},
	author = {Barth, Marius},
	date = {2022},
}

@article{kuhn_building_2008,
	title = {Building Predictive Models in R Using the caret Package},
	volume = {28},
	url = {https://www.jstatsoft.org/index.php/jss/article/view/v028i05},
	doi = {10.18637/jss.v028.i05},
	pages = {1--26},
	number = {5},
	journaltitle = {Journal of Statistical Software},
	author = {{Kuhn} and {Max}},
	date = {2008},
}

@article{thiele_cutpointr_2021,
	title = {cutpointr: Improved Estimation and Validation of Optimal Cutpoints in R},
	volume = {98},
	doi = {10.18637/jss.v098.i11},
	pages = {1--27},
	number = {11},
	journaltitle = {Journal of Statistical Software},
	author = {Thiele, Christian and Hirschfeld, Gerrit},
	date = {2021},
}

@book{meyer_e1071_2023,
	title = {e1071: Misc Functions of the Department of Statistics, Probability Theory Group (Formerly: E1071), {TU} Wien},
	url = {https://CRAN.R-project.org/package=e1071},
	author = {Meyer, David and Dimitriadou, Evgenia and Hornik, Kurt and Weingessel, Andreas and Leisch, Friedrich},
	date = {2023},
}

@book{kaplan_fastdummies_2023,
	title = {{fastDummies}: Fast Creation of Dummy (Binary) Columns and Rows from Categorical Variables},
	url = {https://CRAN.R-project.org/package=fastDummies},
	author = {Kaplan, Jacob},
	date = {2023},
}

@book{harrison_finalfit_2023,
	title = {finalfit: Quickly Create Elegant Regression Results Tables and Plots when Modelling},
	url = {https://CRAN.R-project.org/package=finalfit},
	author = {Harrison, Ewen and Drake, Tom and Pius, Riinu},
	date = {2023},
}

@book{wickham_forcats_2023,
	title = {forcats: Tools for Working with Categorical Variables (Factors)},
	url = {https://CRAN.R-project.org/package=forcats},
	author = {Wickham, Hadley},
	date = {2023},
}

@article{friedman_regularization_2010,
	title = {Regularization Paths for Generalized Linear Models via Coordinate Descent},
	volume = {33},
	doi = {10.18637/jss.v033.i01},
	pages = {1--22},
	number = {1},
	journaltitle = {Journal of Statistical Software},
	author = {Friedman, Jerome and Tibshirani, Robert and Hastie, Trevor},
	date = {2010},
}

@article{simon_regularization_2011,
	title = {Regularization Paths for Cox's Proportional Hazards Model via Coordinate Descent},
	volume = {39},
	doi = {10.18637/jss.v039.i05},
	pages = {1--13},
	number = {5},
	journaltitle = {Journal of Statistical Software},
	author = {Simon, Noah and Friedman, Jerome and Tibshirani, Robert and Hastie, Trevor},
	date = {2011},
}

@article{tay_elastic_2023,
	title = {Elastic Net Regularization Paths for All Generalized Linear Models},
	volume = {106},
	doi = {10.18637/jss.v106.i01},
	pages = {1--31},
	number = {1},
	journaltitle = {Journal of Statistical Software},
	author = {Tay, J. Kenneth and Narasimhan, Balasubramanian and Hastie, Trevor},
	date = {2023},
}

@book{zhu_kableextra_2021,
	title = {{kableExtra}: Construct Complex Table with 'kable' and Pipe Syntax},
	url = {https://CRAN.R-project.org/package=kableExtra},
	author = {Zhu, Hao},
	date = {2021},
}

@book{sarkar_lattice_2008,
	location = {New York},
	title = {Lattice: Multivariate Data Visualization with R},
	isbn = {978-0-387-75968-5},
	url = {http://lmdvr.r-forge.r-project.org},
	publisher = {Springer},
	author = {Sarkar, Deepayan},
	date = {2008},
}

@article{grolemund_dates_2011,
	title = {Dates and Times Made Easy with lubridate},
	volume = {40},
	url = {https://www.jstatsoft.org/v40/i03/},
	pages = {1--25},
	number = {3},
	journaltitle = {Journal of Statistical Software},
	author = {Grolemund, Garrett and Wickham, Hadley},
	date = {2011},
}

@book{bates_matrix_2023,
	title = {Matrix: Sparse and Dense Matrix Classes and Methods},
	url = {https://CRAN.R-project.org/package=Matrix},
	author = {Bates, Douglas and Maechler, Martin and Jagan, Mikael},
	date = {2023},
}

@book{wickham_purrr_2023,
	title = {purrr: Functional Programming Tools},
	url = {https://CRAN.R-project.org/package=purrr},
	author = {Wickham, Hadley and Henry, Lionel},
	date = {2023},
}

@article{wright_ranger_2017,
	title = {ranger: A Fast Implementation of Random Forests for High Dimensional Data in C++ and R},
	volume = {77},
	doi = {10.18637/jss.v077.i01},
	pages = {1--17},
	number = {1},
	journaltitle = {Journal of Statistical Software},
	author = {Wright, Marvin N. and Ziegler, Andreas},
	date = {2017},
}

@book{kuhn_recipes_2023,
	title = {recipes: Preprocessing and Feature Engineering Steps for Modeling},
	url = {https://CRAN.R-project.org/package=recipes},
	author = {Kuhn, Max and Wickham, Hadley and Hvitfeldt, Emil},
	date = {2023},
}

@book{therneau_rpart_2023,
	title = {rpart: Recursive Partitioning and Regression Trees},
	url = {https://CRAN.R-project.org/package=rpart},
	author = {Therneau, Terry and Atkinson, Beth},
	date = {2023},
}

@book{muller_tibble_2023,
	title = {tibble: Simple Data Frames},
	url = {https://CRAN.R-project.org/package=tibble},
	author = {Müller, Kirill and Wickham, Hadley},
	date = {2023},
}

@article{wickham_welcome_2019,
	title = {Welcome to the tidyverse},
	volume = {4},
	doi = {10.21105/joss.01686},
	pages = {1686},
	number = {43},
	journaltitle = {Journal of Open Source Software},
	author = {Wickham, Hadley and Averick, Mara and Bryan, Jennifer and Chang, Winston and {McGowan}, Lucy D'Agostino and François, Romain and Grolemund, Garrett and Hayes, Alex and Henry, Lionel and Hester, Jim and Kuhn, Max and Pedersen, Thomas Lin and Miller, Evan and Bache, Stephan Milton and Müller, Kirill and Ooms, Jeroen and Robinson, David and Seidel, Dana Paige and Spinu, Vitalie and Takahashi, Kohske and Vaughan, Davis and Wilke, Claus and Woo, Kara and Yutani, Hiroaki},
	date = {2019},
}

@article{greenwell_variable_2020,
	title = {Variable Importance Plots—An Introduction to the vip Package},
	volume = {12},
	url = {https://doi.org/10.32614/RJ-2020-013},
	pages = {343--366},
	number = {1},
	journaltitle = {The R Journal},
	author = {Greenwell, Brandon M. and Boehmke, Bradley C.},
	date = {2020},
}

@book{iannone_gt_2023,
	title = {gt: Easily Create Presentation-Ready Display Tables},
	url = {https://CRAN.R-project.org/package=gt},
	author = {Iannone, Richard and Cheng, Joe and Schloerke, Barret and Hughes, Ellis and Lauer, Alexandra and Seo, {JooYoung}},
	date = {2023},
}

@article{sjoberg_reproducible_2021,
	title = {Reproducible Summary Tables with the gtsummary Package},
	volume = {13},
	url = {https://doi.org/10.32614/RJ-2021-053},
	doi = {10.32614/RJ-2021-053},
	pages = {570--580},
	number = {1},
	journaltitle = {The R Journal},
	author = {Sjoberg, Daniel D. and Whiting, Karissa and Curry, Michael and Lavery, Jessica A. and Larmarange, Joseph},
	date = {2021},
}

@book{urbanek_jpeg_2022,
	title = {jpeg: Read and write {JPEG} images},
	url = {https://CRAN.R-project.org/package=jpeg},
	author = {Urbanek, Simon},
	date = {2022},
}

@book{barthelme_imager_2023,
	title = {imager: Image Processing Library Based on '{CImg}'},
	url = {https://CRAN.R-project.org/package=imager},
	author = {Barthelme, Simon},
	date = {2023},
}

@book{bache_magrittr_2022,
	title = {magrittr: A Forward-Pipe Operator for R},
	url = {https://CRAN.R-project.org/package=magrittr},
	author = {Bache, Stefan Milton and Wickham, Hadley},
	date = {2022},
}

@online{jose_tech_2023,
	title = {Tech layoffs 2023: Job cuts deepen as Spotify, Amazon, Yahoo and others lay off staff {\textbar} Technology News - The Indian Express},
	url = {https://indianexpress.com/article/technology/tech-news-technology/tech-layoffs-spotify-amazon-layoffs-9056846/},
	author = {Jose, Bijin},
	urldate = {2023-12-07},
	date = {2023-12-07},
	file = {Tech layoffs 2023\: Job cuts deepen as Spotify, Amazon, Yahoo and others lay off staff | Technology News - The Indian Express:/Users/daragon/Zotero/storage/8C8A2X3Y/tech-layoffs-spotify-amazon-layoffs-9056846.html:text/html},
}
@Manual{R-base,
  title = {R: A Language and Environment for Statistical Computing},
  author = {{R Core Team}},
  organization = {R Foundation for Statistical Computing},
  address = {Vienna, Austria},
  year = {2023},
  url = {https://www.R-project.org/},
}
@Manual{R-data.table,
  title = {data.table: Extension of `data.frame`},
  author = {Matt Dowle and Arun Srinivasan},
  year = {2023},
  note = {R package version 1.14.8},
  url = {https://CRAN.R-project.org/package=data.table},
}
@Manual{R-dplyr,
  title = {dplyr: A Grammar of Data Manipulation},
  author = {Hadley Wickham and Romain François and Lionel Henry and Kirill Müller and Davis Vaughan},
  year = {2023},
  note = {R package version 1.1.3},
  url = {https://CRAN.R-project.org/package=dplyr},
}
@Book{R-ggplot2,
  author = {Hadley Wickham},
  title = {ggplot2: Elegant Graphics for Data Analysis},
  publisher = {Springer-Verlag New York},
  year = {2016},
  isbn = {978-3-319-24277-4},
  url = {https://ggplot2.tidyverse.org},
}
@Manual{R-gt,
  title = {gt: Easily Create Presentation-Ready Display Tables},
  author = {Richard Iannone and Joe Cheng and Barret Schloerke and Ellis Hughes and Alexandra Lauer and JooYoung Seo},
  year = {2023},
  note = {R package version 0.10.0},
  url = {https://CRAN.R-project.org/package=gt},
}
@Article{R-gtsummary,
  author = {Daniel D. Sjoberg and Karissa Whiting and Michael Curry and Jessica A. Lavery and Joseph Larmarange},
  title = {Reproducible Summary Tables with the gtsummary Package},
  journal = {{The R Journal}},
  year = {2021},
  url = {https://doi.org/10.32614/RJ-2021-053},
  doi = {10.32614/RJ-2021-053},
  volume = {13},
  issue = {1},
  pages = {570-580},
}
@Manual{R-here,
  title = {here: A Simpler Way to Find Your Files},
  author = {Kirill Müller},
  year = {2020},
  note = {R package version 1.0.1},
  url = {https://CRAN.R-project.org/package=here},
}
@Manual{R-hunspell,
  title = {hunspell: High-Performance Stemmer, Tokenizer, and Spell Checker},
  author = {Jeroen Ooms},
  year = {2023},
  note = {R package version 3.0.3},
  url = {https://CRAN.R-project.org/package=hunspell},
}
@Manual{R-imager,
  title = {imager: Image Processing Library Based on 'CImg'},
  author = {Simon Barthelme},
  year = {2023},
  note = {R package version 0.45.2},
  url = {https://CRAN.R-project.org/package=imager},
}
@Manual{R-jpeg,
  title = {jpeg: Read and write JPEG images},
  author = {Simon Urbanek},
  year = {2022},
  note = {R package version 0.1-10},
  url = {https://CRAN.R-project.org/package=jpeg},
}
@Manual{R-kableExtra,
  title = {kableExtra: Construct Complex Table with 'kable' and Pipe Syntax},
  author = {Hao Zhu},
  year = {2021},
  note = {R package version 1.3.4},
  url = {https://CRAN.R-project.org/package=kableExtra},
}
@Book{R-knitr,
  title = {Dynamic Documents with {R} and knitr},
  author = {Yihui Xie},
  publisher = {Chapman and Hall/CRC},
  address = {Boca Raton, Florida},
  year = {2015},
  edition = {2nd},
  note = {ISBN 978-1498716963},
  url = {https://yihui.org/knitr/},
}
@Manual{R-magrittr,
  title = {magrittr: A Forward-Pipe Operator for R},
  author = {Stefan Milton Bache and Hadley Wickham},
  year = {2022},
  note = {R package version 2.0.3},
  url = {https://CRAN.R-project.org/package=magrittr},
}
@Manual{R-papaja,
  title = {{papaja}: {Prepare} reproducible {APA} journal articles with {R Markdown}},
  author = {Frederik Aust and Marius Barth},
  year = {2023},
  note = {R package version 0.1.2},
  url = {https://github.com/crsh/papaja},
}
@Manual{R-readr,
  title = {readr: Read Rectangular Text Data},
  author = {Hadley Wickham and Jim Hester and Jennifer Bryan},
  year = {2023},
  note = {R package version 2.1.4},
  url = {https://CRAN.R-project.org/package=readr},
}
@Manual{R-rio,
  title = {rio: A Swiss-army knife for data file I/O},
  author = {Chung-hong Chan and Thomas J. Leeper and Jason Becker and David Schoch},
  url = {https://cran.r-project.org/package=rio},
  year = {2023},
}
@Manual{R-rticles,
  title = {rticles: Article Formats for R Markdown},
  author = {JJ Allaire and Yihui Xie and Christophe Dervieux and {R Foundation} and Hadley Wickham and {Journal of Statistical Software} and Ramnath  Vaidyanathan and {Association for Computing Machinery} and Carl Boettiger and {Elsevier} and Karl Broman and Kirill Mueller and Bastiaan Quast and Randall  Pruim and Ben Marwick and Charlotte Wickham and Oliver Keyes and Miao Yu and Daniel Emaasit and Thierry Onkelinx and Alessandro Gasparini and Marc-Andre Desautels and Dominik Leutnant and {MDPI} and {Taylor and Francis} and Oğuzhan Öğreden and Dalton Hance and Daniel Nüst and Petter Uvesten and Elio Campitelli and John Muschelli and Alex Hayes and Zhian N. Kamvar and Noam Ross and Robrecht Cannoodt and Duncan Luguern and David M. Kaplan and Sebastian Kreutzer and Shixiang Wang and Jay Hesselberth and Rob Hyndman},
  year = {2023},
  note = {R package version 0.25},
  url = {https://CRAN.R-project.org/package=rticles},
}
@Manual{R-stringr,
  title = {stringr: Simple, Consistent Wrappers for Common String Operations},
  author = {Hadley Wickham},
  year = {2022},
  note = {R package version 1.5.0},
  url = {https://CRAN.R-project.org/package=stringr},
}
@Manual{R-tidyr,
  title = {tidyr: Tidy Messy Data},
  author = {Hadley Wickham and Davis Vaughan and Maximilian Girlich},
  year = {2023},
  note = {R package version 1.3.0},
  url = {https://CRAN.R-project.org/package=tidyr},
}
@Manual{R-tinylabels,
  title = {{tinylabels}: Lightweight Variable Labels},
  author = {Marius Barth},
  year = {2023},
  note = {R package version 0.2.4},
  url = {https://cran.r-project.org/package=tinylabels},
}
